<?xml version="1.0" encoding="UTF-8"?><record xmlns="http://www.loc.gov/MARC21/slim" xmlns:cinclude="http://apache.org/cocoon/include/1.0" xmlns:zs="http://www.loc.gov/zing/srw/">
  <leader>00396nz  a2200121n  4500</leader>
  <controlfield tag="001">n  93023065 </controlfield>
  <controlfield tag="003">DLC</controlfield>
  <controlfield tag="005">19930312073857.6</controlfield>
  <controlfield tag="008">930312n| acannaab|          |n aaa |||  </controlfield>
  <datafield tag="010" ind1=" " ind2=" ">
    <subfield code="a">n  93023065 </subfield>
  </datafield>
  <datafield tag="040" ind1=" " ind2=" ">
    <subfield code="a">DLC</subfield>
    <subfield code="c">DLC</subfield>
  </datafield>
  <datafield tag="100" ind1="1" ind2="0">
    <subfield code="a">Gilmour, A.</subfield>
  </datafield>
  <datafield tag="670" ind1=" " ind2=" ">
    <subfield code="a">New techniques in food and beverage microbiology, c1993:</subfield>
    <subfield code="b">CIP t.p. (A. Gilmour, Agriculture and Food Sci. Centre, the Queen's University of Belfast)</subfield>
  </datafield>
</record>